Campaign,Channel,Date,Region,Sales Rep,AVG Deal Size,Clicks,Conversion Rate,Conversions,CPC,CTR,Impressions,Revenue,ROAS,Spend
Campaign B,Facebook Ads,4/13/2023,Europe,Alice,110.014416961,74,3.824324324,283,4.064324324,0.014097923,5249,31134.08,103.518021013,300.76
Campaign A,Google Ads,12/15/2023,Europe,Alice,110.014417344,1622,0.227496917,369,0.812311961,0.033294333,48717,40595.32,30.810750093,1317.57
Campaign B,Email,9/28/2023,North America,Diana,110.014383562,2098,0.034795043,73,0.243312679,0.059068641,35518,8031.05,15.732658139,510.47
Campaign C,LinkedIn,4/17/2023,APAC,Bob,110.014422535,1622,0.218865598,355,0.787435265,0.083819958,19351,39055.12,30.578224582,1277.22
Campaign E,Email,3/13/2023,APAC,Carlos,110.014418605,190,1.357894737,258,7.028315789,0.037342767,5088,28383.72,21.255163324,1335.38
Campaign A,Email,7/8/2023,North America,Eva,110.014432432,1817,0.101816181,185,0.214006604,0.111595627,16282,20352.67,52.340671210,388.85
Campaign A,Facebook Ads,1/21/2023,APAC,Eva,110.014409938,697,0.461979914,322,0.310703013,0.034284309,20330,35424.64,163.578869597,216.56
Campaign A,LinkedIn,4/13/2023,North America,Alice,110.014393064,2285,0.075711160,173,0.692975930,0.052638854,43409,19032.49,12.019634343,1583.45
Campaign A,Email,5/2/2023,North America,Diana,110.014416404,250,1.268,317,3.89448,0.010975503,22778,34874.57,35.819488096,973.62
Campaign A,Google Ads,8/3/2023,North America,Diana,110.014426877,306,0.826797386,253,0.687941176,0.012112096,25264,27833.65,132.220084557,210.51
Campaign B,Google Ads,11/27/2023,Europe,Eva,110.014427083,596,0.322147651,192,3.339345638,0.098106996,6075,21122.77,10.613123979,1990.25
Campaign E,Organic,3/29/2023,APAC,Carlos,110.014482759,2291,0.025316456,58,0.091567001,0.200753593,11412,6380.84,30.416817618,209.78
Campaign C,LinkedIn,4/10/2023,North America,Bob,110.014424242,2800,0.117857143,330,0.507346429,0.056618272,49454,36304.76,25.556473810,1420.57
Campaign C,LinkedIn,12/26/2023,APAC,Carlos,110.014432133,851,0.424206816,361,2.313736780,0.028980078,29365,39715.21,20.170346218,1968.99
Campaign C,Organic,6/1/2023,Europe,Frank,110.014416404,991,0.319878910,317,0.559475277,0.120413123,8230,34874.57,62.900530265,554.44
Campaign C,Email,5/11/2023,North America,Frank,110.014436620,463,0.306695464,142,0.799719222,0.009410569,49200,15622.05,42.190968753,370.27
Campaign B,LinkedIn,5/30/2023,LATAM,Bob,110.014418605,2064,0.083333333,172,0.160188953,0.171971338,12002,18922.48,57.231588180,330.63
Campaign D,Google Ads,11/5/2023,Europe,Eva,110.014430380,1431,0.276030748,395,0.472550664,0.095738275,14947,43455.7,64.262665996,676.22
Campaign E,Google Ads,9/15/2023,LATAM,Bob,110.014392523,1148,0.093205575,107,0.254346690,0.078169685,14686,11771.54,40.314873797,291.99
Campaign A,Facebook Ads,12/10/2023,APAC,Diana,110.014413146,959,0.444212722,426,1.475610010,0.031645987,30304,46866.14,33.118372423,1415.11
Campaign D,LinkedIn,10/21/2023,APAC,Frank,110.014382022,237,0.375527426,89,0.921308017,0.016839562,14074,9791.28,44.842134188,218.35
Campaign C,Email,7/11/2023,Europe,Alice,110.014423676,2065,0.155447942,321,0.517142857,0.375933006,5493,35314.63,33.069229329,1067.9
Campaign D,Organic,10/4/2023,APAC,Alice,110.014398148,1363,0.158473955,216,1.462743947,0.038690814,35228,23763.11,11.918980599,1993.72
Campaign E,Organic,6/10/2023,LATAM,Eva,110.014285714,2142,0.003267974,7,0.768692810,0.141479524,15140,770.1,0.467708042,1646.54
Campaign A,Email,11/10/2023,North America,Diana,110.014432990,2180,0.177981651,388,0.582073394,0.066758536,32655,42685.6,33.639315323,1268.92
Campaign A,Facebook Ads,1/22/2023,North America,Carlos,110.014426230,1196,0.153010033,183,0.570133779,0.026893326,44472,20132.64,29.525195049,681.88
Campaign E,Organic,9/10/2023,North America,Diana,110.014421965,407,0.850122850,346,3.158230958,0.052072671,7816,38064.99,29.613342150,1285.4
Campaign E,LinkedIn,8/24/2023,Europe,Alice,110.014429967,1601,0.191755153,307,0.687932542,0.126671414,12639,33774.43,30.665555939,1101.38
Campaign C,Facebook Ads,12/11/2023,APAC,Alice,110.014429825,1139,0.400351185,456,0.798560140,0.023634628,48192,50166.58,55.154778134,909.56
Campaign A,LinkedIn,2/18/2023,LATAM,Frank,110.014416667,1730,0.277456647,480,0.201358382,0.036243270,47733,52806.92,151.591560212,348.35
Campaign D,Google Ads,2/28/2023,APAC,Diana,110.014434524,2472,0.135922330,336,0.721905340,0.081070445,30492,36964.85,20.713821412,1784.55
Campaign B,Facebook Ads,6/19/2023,APAC,Diana,110.014523810,211,0.199052133,42,4.524123223,0.017238562,12240,4620.61,4.840413162,954.59
Campaign B,Organic,7/7/2023,APAC,Alice,110.014410377,2419,0.175279041,424,0.194204217,0.071784676,33698,46646.11,99.293520371,469.78
Campaign E,Facebook Ads,9/28/2023,North America,Carlos,110.014403292,499,0.486973948,243,1.600681363,0.017848839,27957,26733.5,33.469589604,798.74
Campaign C,Facebook Ads,7/9/2023,LATAM,Eva,110.014393064,1547,0.111829347,173,0.573270847,0.045758400,33808,19032.49,21.460776907,886.85
Campaign B,Facebook Ads,6/24/2023,LATAM,Eva,110.014420131,1086,0.420810313,457,1.539889503,0.159074264,6827,50276.59,30.063976990,1672.32
Campaign A,Facebook Ads,2/20/2023,APAC,Diana,110.014413965,2281,0.175800088,401,0.654918895,0.067561163,33762,44115.78,29.531204188,1493.87
Campaign E,LinkedIn,12/30/2023,North America,Eva,110.014409222,2208,0.157155797,347,0.707282609,0.238470677,9259,38175,24.444828646,1561.68
Campaign D,Google Ads,2/24/2023,North America,Alice,110.014433962,2000,0.159,318,0.06048,0.126190927,15849,34984.59,289.224454365,120.96
Campaign E,Email,9/1/2023,LATAM,Alice,110.014419355,2605,0.119001919,310,0.341915547,0.151172238,17232,34104.47,38.289943751,890.69
Campaign D,Facebook Ads,11/16/2023,North America,Diana,110.014411765,1363,0.024944974,34,0.744350697,0.032786491,41572,3740.49,3.686846385,1014.55
Campaign E,Organic,5/11/2023,North America,Diana,110.014432990,2392,0.081103679,194,0.057052676,0.095022445,25173,21342.8,156.391880999,136.47
Campaign E,Facebook Ads,11/3/2023,North America,Frank,110.014432133,1288,0.280279503,361,0.460908385,0.202070913,6374,39715.21,66.900042112,593.65
Campaign E,Organic,5/15/2023,Europe,Diana,110.014482759,1023,0.028347996,29,1.509824047,0.046135113,22174,3190.42,2.065598394,1544.55
Campaign D,LinkedIn,1/21/2023,APAC,Carlos,110.014396552,681,0.170337739,116,0.529383260,0.027720112,24567,12761.67,35.398934842,360.51
Campaign D,Organic,11/25/2023,LATAM,Eva,110.014409639,1640,0.253048780,415,0.681152439,0.045189022,36292,45655.98,40.870458065,1117.09
Campaign E,Email,6/16/2023,LATAM,Diana,110.014419134,1100,0.399090909,439,0.462618182,0.107035127,10277,48296.33,94.907109731,508.88
Campaign B,Google Ads,10/1/2023,Europe,Bob,110.014428571,2830,0.074204947,210,0.043473498,0.086809816,32600,23103.03,187.783711290,123.03
Campaign C,Organic,3/30/2023,APAC,Frank,110.014444444,1638,0.115384615,189,0.340830281,0.150482315,10885,20792.73,37.244268109,558.28
Campaign C,Organic,11/12/2023,LATAM,Bob,110.014430052,2418,0.159636063,386,0.808172043,1.359955006,1778,42465.57,21.730856225,1954.16
Campaign C,Google Ads,1/14/2023,North America,Alice,110.014412533,1743,0.219736087,383,0.931107286,0.057782198,30165,42135.52,25.962783132,1622.92
Campaign D,Email,8/30/2023,LATAM,Eva,110.014509804,486,0.104938272,51,3.957201646,0.195024077,2492,5610.74,2.917398087,1923.2
Campaign D,Facebook Ads,9/22/2023,North America,Diana,110.014417989,2878,0.131341209,378,0.356817234,0.091475431,31462,41585.45,40.495316091,1026.92
Campaign B,Organic,12/12/2023,Europe,Bob,110.014439655,1606,0.144458281,232,0.192092154,0.109887102,14615,25523.35,82.733711507,308.5
Campaign C,Google Ads,2/22/2023,North America,Eva,110.014418605,1126,0.038188277,43,1.013428064,0.024531590,45900,4730.62,4.145593803,1141.12
Campaign C,LinkedIn,12/6/2023,LATAM,Alice,110.0145,1354,0.014771049,20,0.711462334,0.030810540,43946,2200.29,2.284069676,963.32
Campaign E,Google Ads,4/2/2023,LATAM,Carlos,110.014230769,2823,0.009210060,26,0.603712363,0.318947012,8851,2860.37,1.678345108,1704.28
Campaign D,LinkedIn,9/21/2023,LATAM,Frank,110.014423963,2128,0.101973684,217,0.134567669,0.123091161,17288,23873.13,83.367544350,286.36
Campaign C,Email,2/4/2023,Europe,Eva,110.014426752,2434,0.129005752,314,0.422210353,0.298430603,8156,34544.53,33.614746122,1027.66
Campaign B,Facebook Ads,7/25/2023,Europe,Eva,110.014444444,232,0.659482759,153,1.659870690,0.076215506,3044,16832.21,43.709808097,385.09
Campaign B,Google Ads,3/22/2023,APAC,Carlos,110.014413043,2641,0.174176448,460,0.271442635,0.315607075,8368,50606.63,70.592888629,716.88
Campaign C,Organic,2/19/2023,LATAM,Eva,110.014408163,1519,0.161290323,245,0.988136932,0.072679426,20900,26953.53,17.957287905,1500.98
Campaign D,Email,12/26/2023,North America,Alice,110.014420290,1529,0.180510137,276,0.656919555,0.048386076,31600,30363.98,30.230060831,1004.43
Campaign B,Google Ads,1/2/2023,Europe,Alice,110.014444444,1639,0.038438072,63,0.496760220,0.034575871,47403,6930.91,8.512644469,814.19
Campaign E,Organic,2/23/2023,LATAM,Carlos,110.014432990,1637,0.177764203,291,0.518937080,0.061462792,26634,32014.2,37.685932902,849.5
Campaign B,Google Ads,4/16/2023,LATAM,Frank,110.014418605,709,0.606488011,430,1.372284908,0.069728560,10168,47306.2,48.621409117,972.95
Campaign A,LinkedIn,9/17/2023,Europe,Diana,110.014417476,209,0.985645933,206,7.614976077,0.009516871,21961,22662.97,14.239737862,1591.53
Campaign A,Google Ads,11/6/2023,APAC,Bob,110.014444444,2509,0.014348346,36,0.715408529,0.055636864,45096,3960.52,2.206466996,1794.96
Campaign D,Google Ads,7/10/2023,Europe,Diana,110.014429530,1061,0.421300660,447,1.805032988,0.022532759,47087,49176.45,25.677731132,1915.14
Campaign C,Google Ads,8/6/2023,Europe,Eva,110.014397590,102,1.627450980,166,15.638431373,0.004104297,24852,18262.39,11.448912934,1595.12
Campaign D,Email,2/13/2023,North America,Bob,110.014440154,2505,0.103393214,259,0.279149701,0.073438874,34110,28493.74,40.747837030,699.27
Campaign D,Google Ads,6/11/2023,North America,Carlos,110.014418605,2944,0.087635870,258,0.478077446,0.088744197,33174,28383.72,20.166626405,1407.46
Campaign D,Organic,7/21/2023,APAC,Carlos,110.014615385,1095,0.011872146,13,0.850639269,0.031094704,35215,1430.19,1.535444737,931.45
Campaign D,LinkedIn,9/27/2023,LATAM,Frank,110.014413646,1103,0.425203989,469,0.529347235,0.039456269,27955,51596.76,88.370287907,583.87
Campaign E,LinkedIn,12/17/2023,Europe,Bob,110.014405594,2800,0.051071429,143,0.606307143,0.369344414,7581,15732.06,9.266908568,1697.66
Campaign E,Google Ads,10/31/2023,APAC,Alice,110.014421488,2357,0.205345779,484,0.073402630,0.051667069,45619,53246.98,307.768221490,173.01
Campaign B,Email,9/28/2023,North America,Bob,110.014285714,1278,0.010954617,14,1.418896714,0.174661747,7317,1540.2,0.849367193,1813.35
Campaign A,Email,8/3/2023,Europe,Eva,110.014403670,1544,0.141191710,218,0.632648964,0.035206129,43856,23983.14,24.552512771,976.81
Campaign D,Organic,9/9/2023,LATAM,Alice,110.014404332,2873,0.096414897,277,0.456206056,0.061501905,46714,30473.99,23.250518815,1310.68
Campaign B,Google Ads,7/9/2023,North America,Carlos,110.014420732,1539,0.213125406,328,0.878992853,0.055662049,27649,36084.73,26.674697103,1352.77
Campaign A,LinkedIn,10/23/2023,North America,Bob,110.014423077,1085,0.047926267,52,1.659649770,0.044961048,24132,5720.75,3.176923675,1800.72
Campaign C,Email,8/1/2023,North America,Diana,110.014431818,2000,0.22,440,0.654835,0.112429029,17789,48406.35,36.960722930,1309.67
Campaign E,Google Ads,7/27/2023,APAC,Frank,110.014434783,899,0.127919911,115,1.408754171,0.057750369,15567,12651.66,9.989703665,1266.47
Campaign A,Email,8/25/2023,LATAM,Diana,110.014394904,403,0.389578164,157,0.562382134,0.025397025,15868,17272.26,76.210112954,226.64
Campaign C,Email,12/4/2023,Europe,Frank,110.014409449,1148,0.110627178,127,0.945104530,0.045250296,25370,13971.83,12.877500046,1084.98
Campaign A,LinkedIn,2/22/2023,APAC,Eva,110.014425428,2970,0.137710438,409,0.129737374,0.068224106,43533,44995.9,116.775407454,385.32
Campaign E,Facebook Ads,10/7/2023,APAC,Diana,110.014432133,1789,0.201788709,361,0.839083287,0.056824318,31483,39715.21,26.457052068,1501.12
Campaign E,Organic,8/5/2023,APAC,Bob,110.014433962,1514,0.070013210,106,0.708863937,0.112431308,13466,11661.53,10.865926837,1073.22
Campaign B,Organic,9/9/2023,North America,Bob,110.014408163,1040,0.235576923,245,1.338875,0.034895816,29803,26953.53,19.357188512,1392.43
Campaign D,LinkedIn,7/7/2023,LATAM,Diana,110.014430769,1314,0.247336377,325,0.136362253,0.068330733,19230,35754.69,199.546210515,179.18
Campaign A,Email,2/10/2023,APAC,Bob,110.014410256,1934,0.100827301,195,0.135005171,0.102534196,18862,21452.81,82.163194178,261.1
Campaign A,Google Ads,6/6/2023,Europe,Eva,110.014434389,1859,0.118881119,221,0.785911781,0.041911848,44355,24313.19,16.641357691,1461.01
Campaign C,Email,1/15/2023,LATAM,Alice,110.014363636,2391,0.023002928,55,0.099104977,0.074118851,32259,6050.79,25.535069210,236.96
Campaign E,LinkedIn,10/28/2023,Europe,Eva,110.014425676,2306,0.128360798,296,0.102077190,0.066765106,34539,32564.27,138.341773227,235.39
Campaign A,Organic,3/6/2023,LATAM,Frank,110.014470588,1161,0.073212748,85,0.105951766,0.050678773,22909,9351.23,76.020079668,123.01
Campaign E,Email,12/11/2023,Europe,Eva,110.014421907,867,0.568627451,493,2.211476355,0.027268438,31795,54237.11,28.287537487,1917.35
Campaign A,Organic,11/23/2023,North America,Frank,110.014418605,1849,0.209302326,387,0.811936182,0.189252815,9770,42575.58,28.359708780,1501.27
Campaign B,Google Ads,1/9/2023,APAC,Bob,110.014456522,2010,0.045771144,92,0.383671642,0.166211858,12093,10121.33,13.124471589,771.18
Campaign D,Organic,12/10/2023,Europe,Alice,110.014444444,2487,0.079613993,198,0.266755127,0.052279750,47571,21782.86,32.834192518,663.42
Campaign A,Organic,5/9/2023,LATAM,Bob,110.014444444,2422,0.044591247,108,0.315623452,2.030176027,1193,11881.56,15.542828737,764.44
Campaign E,Facebook Ads,5/16/2023,APAC,Carlos,110.014436364,938,0.293176972,275,1.675735608,0.026219427,35775,30253.97,19.247487022,1571.84
Campaign B,Facebook Ads,3/4/2023,APAC,Bob,110.0144,1905,0.052493438,100,0.712125984,0.102590339,18569,11001.44,8.109568038,1356.6
Campaign A,Facebook Ads,5/19/2023,LATAM,Frank,110.014426230,1230,0.347154472,427,0.367373984,0.100902379,12190,46976.16,103.959457366,451.87
Campaign C,Organic,3/22/2023,Europe,Bob,110.014412533,717,0.534170153,383,0.600850767,0.016387822,43752,42135.52,97.805343423,430.81
Campaign D,LinkedIn,6/12/2023,North America,Bob,110.014405941,682,0.296187683,202,0.420747801,0.020463888,33327,22222.91,77.445234361,286.95
Campaign A,Organic,10/16/2023,North America,Alice,110.014,2674,0.001869858,5,0.506574420,0.062084978,43070,550.07,0.406081590,1354.58
Campaign B,LinkedIn,9/18/2023,Europe,Bob,110.014428858,1692,0.294917258,499,0.917440898,0.079106083,21389,54897.2,35.364843362,1552.31
Campaign C,LinkedIn,8/19/2023,APAC,Alice,110.014428224,186,2.209677419,411,3.245107527,0.004514892,41197,45215.93,74.911661890,603.59
Campaign B,Facebook Ads,2/10/2023,APAC,Diana,110.014424084,1996,0.191382766,382,0.070040080,0.612082183,3261,42025.51,300.611659514,139.8
Campaign B,Email,1/28/2023,APAC,Carlos,110.014444444,1747,0.097882084,171,0.146611334,0.059484490,29369,18812.47,73.448912662,256.13
Campaign C,Google Ads,5/15/2023,APAC,Alice,110.014384615,477,0.272536688,130,4.064842767,0.017337889,27512,14301.87,7.376166236,1938.93
Campaign B,Facebook Ads,7/20/2023,Europe,Frank,110.014416404,1525,0.207868852,317,0.433672131,0.197641265,7716,34874.57,52.732395857,661.35
Campaign C,Facebook Ads,11/24/2023,APAC,Diana,110.014470588,2709,0.031376892,85,0.576419343,0.121703581,22259,9351.23,5.988543214,1561.52
Campaign A,Email,9/25/2023,LATAM,Alice,110.014431280,868,0.486175115,422,1.482557604,0.028998096,29933,46426.09,36.077032467,1286.86
Campaign C,Google Ads,2/2/2023,APAC,Alice,110.014431373,2238,0.113941019,255,0.368941019,0.052425683,42689,28053.68,33.976044278,825.69
Campaign C,Organic,2/17/2023,North America,Carlos,110.014393064,1156,0.149653979,173,0.424576125,0.214949795,5378,19032.49,38.777714390,490.81
Campaign D,Organic,3/3/2023,APAC,Frank,110.014428274,2274,0.211521548,481,0.145395778,0.054685809,41583,52916.94,160.048815897,330.63
Campaign C,Facebook Ads,8/4/2023,Europe,Eva,110.014415584,247,0.311740891,77,5.135708502,0.005194969,47546,8471.11,6.677947529,1268.52
Campaign C,Google Ads,10/20/2023,North America,Eva,110.014413793,2721,0.053289232,145,0.577655274,0.130597552,20835,15952.09,10.148931162,1571.8
Campaign A,Facebook Ads,4/9/2023,Europe,Alice,110.014459459,2045,0.036185819,74,0.647149144,0.068091766,30033,8141.07,6.151539194,1323.42
Campaign D,LinkedIn,6/21/2023,Europe,Bob,110.014436090,2788,0.095408895,266,0.397263271,0.11152,25000,29263.84,26.421661836,1107.57
Campaign E,Facebook Ads,12/26/2023,North America,Frank,110.014418605,2498,0.137710168,344,0.071941553,0.053725052,46496,37844.96,210.589060152,179.71
Campaign A,Facebook Ads,8/2/2023,Europe,Diana,110.014423077,520,0.6,312,3.731019231,0.045887752,11332,34324.5,17.691855700,1940.13
Campaign A,Organic,2/4/2023,Europe,Bob,110.014417671,2315,0.107559395,249,0.698730022,0.053091459,43604,27393.59,16.935130691,1617.56
Campaign E,Organic,8/15/2023,APAC,Bob,110.014285714,1998,0.003503504,7,0.328508509,0.525789474,3800,770.1,1.173289049,656.36
Campaign C,Organic,4/11/2023,LATAM,Frank,110.014428152,978,0.348670757,341,2.006073620,0.032025673,30538,37514.92,19.121339083,1961.94
Campaign B,LinkedIn,5/11/2023,Europe,Alice,110.014477612,2060,0.032524272,67,0.603679612,0.066197500,31119,7370.97,5.927218193,1243.58
Campaign D,Organic,9/14/2023,Europe,Alice,110.014339623,2729,0.019421033,53,0.442139978,0.292403300,9333,5830.76,4.832388530,1206.6
Campaign B,Google Ads,1/5/2023,Europe,Alice,110.014375,955,0.083769634,80,1.593026178,0.148985959,6410,8801.15,5.785130214,1521.34
Campaign E,Email,8/6/2023,APAC,Alice,110.014408602,2272,0.163732394,372,0.722869718,0.120600881,18839,40925.36,24.918629290,1642.36
Campaign A,Google Ads,9/12/2023,LATAM,Eva,110.014413408,72,2.486111111,179,18.712638889,0.002284336,31519,19692.58,14.616220469,1347.31
Campaign A,Google Ads,12/25/2023,North America,Alice,110.014424779,284,0.397887324,113,1.209084507,0.041715629,6808,12431.63,36.203710175,343.38
Campaign D,Organic,10/10/2023,APAC,Eva,110.014438503,1174,0.159284497,187,0.632632027,0.150590046,7796,20572.7,27.699505864,742.71
Campaign A,Email,7/26/2023,APAC,Eva,110.014438776,978,0.200408998,196,1.905276074,0.044093778,22180,21562.83,11.572015070,1863.36
Campaign A,Email,1/15/2023,LATAM,Alice,110.014492754,572,0.120629371,69,0.920926573,0.012983476,44056,7591,14.410463770,526.77
Campaign D,Email,12/12/2023,LATAM,Carlos,110.014428152,1858,0.183530678,341,0.434402583,0.099310492,18709,37514.92,46.479978194,807.12
Campaign D,LinkedIn,2/11/2023,APAC,Diana,110.014417582,480,0.947916667,455,1.918645833,0.025885779,18543,50056.56,54.353178783,920.95
Campaign E,Organic,6/28/2023,North America,Bob,110.014414226,842,0.567695962,478,1.110296912,0.021916810,38418,52586.89,56.250484025,934.87
Campaign A,Email,3/4/2023,APAC,Eva,110.014436364,1679,0.163787969,275,0.753180465,0.055827099,30075,30253.97,23.923935821,1264.59
Campaign A,LinkedIn,12/18/2023,LATAM,Frank,110.014423077,1786,0.058230683,104,1.059260918,0.046084376,38755,11441.5,6.047815883,1891.84
Campaign E,Facebook Ads,8/19/2023,North America,Frank,110.014444444,582,0.061855670,36,0.957594502,0.011885313,48968,3960.52,7.106366181,557.32
Campaign C,Facebook Ads,8/29/2023,LATAM,Diana,110.014410112,1796,0.198218263,356,0.184214922,0.046691798,38465,39165.13,118.377300892,330.85
Campaign C,LinkedIn,2/21/2023,North America,Frank,110.014393939,1725,0.076521739,132,0.275472464,0.054758428,31502,14521.9,30.560196974,475.19
Campaign C,LinkedIn,4/6/2023,Europe,Carlos,110.014429825,1366,0.333821376,456,1.306852123,0.077070639,17724,50166.58,28.102007663,1785.16
Campaign E,Organic,8/10/2023,LATAM,Frank,110.014433498,2907,0.139662883,406,0.456498108,0.602112676,4828,44665.86,33.658261997,1327.04
Campaign A,Organic,8/19/2023,LATAM,Bob,110.014423592,962,0.387733888,373,0.668627859,0.053187372,18087,41035.38,63.796803582,643.22
Campaign E,Facebook Ads,8/25/2023,APAC,Bob,110.014431487,1174,0.292163543,343,1.405706985,0.086291804,13605,37734.95,22.865509301,1650.3
Campaign E,Email,5/23/2023,LATAM,Eva,110.014468085,1575,0.029841270,47,1.102603175,0.048705817,32337,5170.68,2.977473224,1736.6
Campaign C,Facebook Ads,6/20/2023,LATAM,Alice,110.014414894,1377,0.273057371,376,1.240653595,0.212434434,6482,41365.42,24.213242955,1708.38
Campaign B,Email,1/29/2023,Europe,Carlos,110.014420804,2968,0.142520216,423,0.621954178,0.105981075,28005,46536.1,25.209701185,1845.96
Campaign A,Email,2/5/2023,LATAM,Eva,110.014430894,2637,0.186575654,492,0.219666287,0.110984848,23760,54127.1,93.441805062,579.26
Campaign C,Organic,1/13/2023,Europe,Carlos,110.014390244,1073,0.076421249,82,1.430177074,0.166021971,6463,9021.18,5.878598705,1534.58
Campaign B,Google Ads,6/9/2023,Europe,Alice,110.014433962,1626,0.195571956,318,0.599649446,0.034139582,47628,34984.59,35.880526753,975.03
Campaign B,Google Ads,11/23/2023,Europe,Frank,110.014436860,1428,0.205182073,293,1.190336134,0.241542625,5912,32234.23,18.963542770,1699.8
Campaign D,LinkedIn,7/6/2023,Europe,Frank,110.014416058,1569,0.174633525,274,0.945908222,0.277797450,5648,30143.95,20.310855518,1484.13
Campaign A,Organic,8/31/2023,North America,Alice,110.014397590,1731,0.095898325,166,0.910023108,0.049995668,34623,18262.39,11.593328043,1575.25
Campaign B,Email,3/27/2023,APAC,Eva,110.014404145,2047,0.094284319,193,0.657894480,0.055877054,36634,21232.78,15.766408507,1346.71
Campaign C,Google Ads,10/11/2023,North America,Alice,110.014422311,276,0.909420290,251,1.583731884,0.006052366,45602,27613.62,63.173160074,437.11
Campaign D,Email,3/7/2023,LATAM,Diana,110.014413265,1309,0.299465241,392,0.867494270,0.318336576,4112,43125.65,37.977764079,1135.55
Campaign A,Google Ads,6/19/2023,North America,Bob,110.014409091,922,0.238611714,220,2.137603037,0.039993060,23054,24203.17,12.280449751,1970.87
Campaign E,Google Ads,2/14/2023,North America,Eva,110.014420063,941,0.339001063,319,1.998979809,0.171340131,5492,35094.6,18.657019521,1881.04
Campaign C,Google Ads,3/3/2023,LATAM,Carlos,110.014412470,1528,0.272905759,417,0.119129581,0.065842203,23207,45876.01,252.024446520,182.03
Campaign B,Organic,5/14/2023,LATAM,Diana,110.014431487,1086,0.315837937,343,0.380432781,0.067394812,16114,37734.95,91.334745250,413.15
Campaign B,Facebook Ads,10/11/2023,LATAM,Eva,110.014416244,2307,0.170784569,394,0.151833550,0.065381890,35285,43345.68,123.745803357,350.28
Campaign C,Email,1/28/2023,North America,Alice,110.014409449,2838,0.134249471,381,0.521268499,0.166764602,17018,41915.49,28.333529364,1479.36
Campaign B,Organic,4/18/2023,North America,Alice,110.014412371,446,1.087443946,485,3.708049327,0.019923166,22386,53356.99,32.263461504,1653.79
Campaign D,Organic,2/13/2023,LATAM,Alice,110.014416476,1173,0.372549020,437,0.431091219,0.062593383,18740,48076.3,95.074455673,505.67
Campaign A,Organic,12/6/2023,APAC,Alice,110.014418605,2128,0.080827068,172,0.498646617,0.047080688,45199,18922.48,17.832554282,1061.12
Campaign D,Organic,10/13/2023,APAC,Carlos,110.014431487,2995,0.114524207,343,0.566724541,0.325190011,9210,37734.95,22.231815665,1697.34
Campaign B,Organic,11/27/2023,Europe,Diana,110.014416244,698,0.282234957,197,2.137994269,0.015386989,45363,21672.84,14.522917337,1492.32
Campaign E,LinkedIn,5/8/2023,LATAM,Frank,110.014420131,378,1.208994709,457,2.990079365,0.008104805,46639,50276.59,44.482716213,1130.25
Campaign A,Email,12/14/2023,Europe,Bob,110.014425087,1532,0.187336815,287,0.797428198,0.111474933,13743,31574.14,25.845276100,1221.66
Campaign A,Organic,8/19/2023,APAC,Carlos,110.014411765,1001,0.339660340,340,1.064825175,0.023229370,43092,37404.9,35.092645583,1065.89
Campaign C,Email,7/9/2023,Europe,Carlos,110.014416244,2055,0.191727494,394,0.323766423,0.045365240,45299,43345.68,65.148164848,665.34
Campaign C,LinkedIn,8/13/2023,LATAM,Frank,110.014430894,2066,0.238141336,492,0.568025169,0.272272008,7588,54127.1,46.122927212,1173.54
Campaign E,LinkedIn,10/10/2023,LATAM,Frank,110.014705882,2718,0.006254599,17,0.518351729,0.630480167,4311,1870.25,1.327472886,1408.88
Campaign A,Email,5/1/2023,LATAM,Bob,110.014426230,1928,0.126556017,244,0.912505187,0.082280642,23432,26843.52,15.257981822,1759.31
Campaign E,Google Ads,4/26/2023,North America,Bob,110.014413580,1246,0.260032103,324,1.050521669,0.035850957,34755,35644.67,27.231498529,1308.95
Campaign C,Facebook Ads,8/21/2023,Europe,Frank,110.014422222,1822,0.246981339,450,0.848589462,0.421661652,4321,49506.49,32.019616720,1546.13
Campaign C,Google Ads,9/16/2023,APAC,Alice,110.014414784,211,2.308056872,487,1.915355450,0.012550559,16812,53577.02,132.570445885,404.14
Campaign A,Google Ads,12/25/2023,APAC,Carlos,110.014437086,1801,0.083842310,151,0.542454192,0.046921814,38383,16612.18,17.003951032,976.96
Campaign D,Google Ads,7/17/2023,APAC,Eva,110.014423077,825,0.252121212,208,0.142703030,0.016741071,49280,22883,194.368470228,117.73
Campaign B,Organic,5/17/2023,North America,Bob,110.014404762,1877,0.044752264,84,0.302978157,0.132687686,14146,9241.21,16.249995604,568.69
Campaign C,LinkedIn,11/14/2023,North America,Bob,110.014412533,2371,0.161535217,383,0.624327288,0.161798826,14654,42135.52,28.464560759,1480.28
Campaign C,Google Ads,6/14/2023,LATAM,Frank,110.014468085,1101,0.042688465,47,1.802397820,0.029902227,36820,5170.68,2.605611659,1984.44
Campaign D,LinkedIn,8/13/2023,APAC,Diana,110.014415584,2423,0.190672720,462,0.119042509,1.403823870,1726,50826.66,176.212245181,288.44
Campaign D,Email,11/3/2023,North America,Eva,110.014408602,989,0.094034378,93,0.872436805,0.207773109,4760,10231.34,11.857748829,862.84
Campaign E,Facebook Ads,8/22/2023,LATAM,Eva,110.014407895,589,0.258064516,152,2.750645161,0.025398879,23190,16722.19,10.321511237,1620.13
Campaign E,Email,6/21/2023,APAC,Bob,110.014444444,2585,0.038297872,99,0.188653772,0.899130435,2875,10891.43,22.333606742,487.67
Campaign B,Email,6/1/2023,Europe,Alice,110.014429825,871,0.523536165,456,1.325671642,0.035730402,24377,50166.58,43.447058008,1154.66
Campaign B,Organic,11/11/2023,LATAM,Diana,110.014421296,1511,0.285903375,432,0.987981469,0.031652597,47737,47526.23,31.836117735,1492.84
Campaign A,Facebook Ads,6/9/2023,North America,Eva,110.014451613,1138,0.136203866,155,1.116318102,0.226107689,5033,17052.24,13.423049978,1270.37
Campaign E,Email,4/6/2023,North America,Bob,110.015,405,0.014814815,6,1.129012346,0.010328734,39211,660.09,1.443608529,457.25
Campaign C,Email,8/21/2023,LATAM,Eva,110.014421053,284,1.338028169,380,2.729683099,0.015457465,18373,41805.48,53.926550830,775.23
Campaign E,Facebook Ads,6/29/2023,LATAM,Diana,110.014230769,2324,0.011187608,26,0.683820998,0.489881956,4744,2860.37,1.799880443,1589.2
Campaign C,Facebook Ads,4/23/2023,North America,Diana,110.014426667,1598,0.234668335,375,0.721545682,0.061473360,25995,41255.41,35.779997051,1153.03
Campaign D,Email,11/14/2023,Europe,Carlos,110.014416404,2146,0.147716682,317,0.051230196,0.119374757,17977,34874.57,317.214571585,109.94
Campaign E,Facebook Ads,2/21/2023,APAC,Frank,110.014417178,167,2.928143713,489,9.256766467,0.004999701,33402,53797.05,34.800275571,1545.88
Campaign D,Email,9/25/2023,Europe,Frank,110.014427711,2151,0.154346815,332,0.077680149,0.060519948,35542,36524.79,218.593512478,167.09
Campaign B,Email,10/22/2023,LATAM,Bob,110.014545455,1723,0.006384214,11,0.880377249,0.147884302,11651,1210.16,0.797790216,1516.89
Campaign B,Organic,4/23/2023,Europe,Diana,110.014428571,2662,0.078888054,210,0.182084899,0.076708066,34703,23103.03,47.663613295,484.71
Campaign A,Google Ads,4/11/2023,North America,Carlos,110.014414414,1117,0.397493286,444,1.719194270,0.077596388,14395,48846.4,25.436328983,1920.34
Campaign E,Email,4/23/2023,LATAM,Carlos,110.014432718,2150,0.176279070,379,0.371669767,0.069787068,30808,41695.47,52.178690761,799.09
Campaign D,LinkedIn,3/22/2023,APAC,Eva,110.014417582,607,0.749588138,455,1.188088962,0.016153928,37576,50056.56,69.410208411,721.17
Campaign C,Google Ads,7/6/2023,North America,Eva,110.014406780,1865,0.063270777,118,0.205302949,0.105278013,17715,12981.7,33.904515657,382.89
Campaign B,Google Ads,4/23/2023,North America,Carlos,110.014420290,2055,0.134306569,276,0.331216545,0.045255346,45409,30363.98,44.610269595,680.65
Campaign B,Google Ads,1/2/2023,APAC,Eva,110.014367816,2965,0.029342327,87,0.595494098,0.117165890,25306,9571.25,5.420838903,1765.64
Campaign C,Organic,5/10/2023,APAC,Diana,110.014426230,447,0.409395973,183,4.458702461,0.022254306,20086,20132.64,10.101473126,1993.04
Campaign D,Email,8/8/2023,Europe,Alice,110.014439252,724,0.295580110,214,1.104682320,0.047086368,15376,23543.09,29.436589605,799.79
Campaign D,Organic,2/23/2023,LATAM,Diana,110.014423077,436,1.073394495,468,2.184311927,0.063289302,6889,51486.75,54.062276870,952.36
Campaign E,Email,12/9/2023,APAC,Carlos,110.014427711,2208,0.150362319,332,0.666634964,0.056874968,38822,36524.79,24.814216709,1471.93
Campaign E,Organic,8/12/2023,APAC,Carlos,110.014453125,2711,0.047215050,128,0.657974917,0.072032097,37636,14081.85,7.894431457,1783.77
Campaign A,Organic,8/13/2023,LATAM,Diana,110.014412371,2114,0.229422895,485,0.580312204,0.097942921,21584,53356.99,43.493527772,1226.78
Campaign B,LinkedIn,5/6/2023,APAC,Eva,110.014444444,933,0.125401929,117,0.904501608,0.026200505,35610,12871.69,15.252624719,843.9
Campaign E,Organic,5/10/2023,APAC,Eva,110.014375,590,0.027118644,16,1.498271186,0.053355037,11058,1760.23,1.991255458,883.98
Campaign D,Facebook Ads,2/22/2023,Europe,Frank,110.014384615,220,0.590909091,130,6.462136364,0.021780022,10101,14301.87,10.059908418,1421.67
Campaign C,LinkedIn,6/21/2023,North America,Carlos,110.014385965,2506,0.022745411,57,0.042342378,0.185670890,13497,6270.82,59.097351805,106.11
Campaign D,Organic,8/6/2023,North America,Bob,110.014417910,789,0.424588086,335,1.618783270,0.139448568,5658,36854.83,28.855506491,1277.22
Campaign B,Google Ads,6/9/2023,North America,Frank,110.014427481,1451,0.270847691,393,0.534417643,0.117195703,12381,43235.67,55.756306097,775.44
Campaign D,Facebook Ads,7/17/2023,North America,Eva,110.014425087,2955,0.097123519,287,0.544490694,0.071528854,41312,31574.14,19.623821451,1608.97
Campaign A,Facebook Ads,9/4/2023,APAC,Diana,110.014444444,2327,0.061882252,144,0.118899871,0.056091211,41486,15842.08,57.257770710,276.68
Campaign B,Facebook Ads,11/20/2023,LATAM,Eva,110.014419753,168,2.410714286,405,7.2475,0.003528004,47619,44555.84,36.593767966,1217.58
Campaign C,LinkedIn,7/22/2023,LATAM,Diana,110.014416244,2881,0.136758070,394,0.351909059,0.158697808,18154,43345.68,42.753543424,1013.85
Campaign A,Organic,7/3/2023,Europe,Frank,110.014455446,2562,0.039422326,101,0.515386417,0.124738303,20539,11111.46,8.415095197,1320.42
Campaign B,Organic,5/3/2023,Europe,Carlos,110.014444444,2201,0.004089050,9,0.101417537,0.172262659,12777,990.13,4.435668847,223.22
Campaign C,Google Ads,9/12/2023,APAC,Eva,110.014426230,2795,0.021824687,61,0.430042934,0.078963725,35396,6710.88,5.583234191,1201.97
Campaign A,Google Ads,10/21/2023,LATAM,Diana,110.014423077,2045,0.203422983,416,0.570572127,0.065183438,31373,45766,39.222844998,1166.82
Campaign A,Facebook Ads,10/7/2023,LATAM,Carlos,110.014408284,1755,0.192592593,338,0.663960114,0.051384904,34154,37184.87,31.911495387,1165.25
Campaign B,Google Ads,11/21/2023,North America,Bob,110.014383562,1772,0.041196388,73,0.703515801,0.252026739,7031,8031.05,6.442208193,1246.63
Campaign E,LinkedIn,4/8/2023,APAC,Diana,110.014426230,2272,0.053697183,122,0.609722711,0.078352933,28997,13421.76,9.688772748,1385.29
Campaign A,Organic,7/17/2023,APAC,Frank,110.014421053,2842,0.133708656,380,0.573356791,0.382040597,7439,41805.48,25.655718389,1629.48
Campaign A,Facebook Ads,8/28/2023,North America,Bob,110.014444444,1747,0.036061820,63,0.350692616,0.073449653,23785,6930.91,11.312816244,612.66
Campaign C,Google Ads,5/24/2023,APAC,Bob,110.014324324,1494,0.024765730,37,1.116191432,0.103807671,14392,4070.53,2.440965705,1667.59
Campaign D,LinkedIn,4/7/2023,APAC,Alice,110.014409938,1809,0.177998894,322,0.578601437,0.060972732,29669,35424.64,33.844442958,1046.69
Campaign B,LinkedIn,7/20/2023,Europe,Eva,110.014444444,1574,0.034307497,54,0.156550191,0.052573566,29939,5940.78,24.109329978,246.41
Campaign B,Google Ads,5/4/2023,LATAM,Diana,110.014408602,714,0.521008403,372,0.295868347,0.217550274,3282,40925.36,193.729514793,211.25
Campaign E,Organic,7/6/2023,APAC,Bob,110.014421907,82,6.012195122,493,8.964024390,0.002301819,35624,54237.11,73.786966873,735.05
Campaign E,Google Ads,11/22/2023,Europe,Alice,110.014347826,2152,0.010687732,23,0.739451673,0.043529269,49438,2530.33,1.590102432,1591.3
Campaign B,Facebook Ads,12/15/2023,LATAM,Frank,110.014403670,2616,0.083333333,218,0.552213303,0.103138306,25364,23983.14,16.602039333,1444.59
Campaign E,Google Ads,9/16/2023,North America,Carlos,110.014427861,2853,0.070452156,201,0.560241851,0.951634423,2998,22112.9,13.834656556,1598.37
Campaign C,LinkedIn,5/28/2023,Europe,Diana,110.014412533,2109,0.181602655,383,0.513423423,0.064485553,32705,42135.52,38.913124186,1082.81
Campaign B,Google Ads,9/9/2023,Europe,Bob,110.014427313,1601,0.283572767,454,0.584871955,0.040796045,39244,49946.55,53.340043572,936.38
Campaign E,Organic,12/12/2023,LATAM,Eva,110.014419087,769,0.626788036,482,0.494356307,0.073743767,10428,53026.95,139.485874369,380.16
Campaign B,Email,5/27/2023,North America,Alice,110.014509804,2652,0.019230769,51,0.272839367,0.068996019,38437,5610.74,7.754246307,723.57
Campaign D,Google Ads,5/28/2023,Europe,Bob,110.014444444,2470,0.069230769,171,0.374348178,0.185212957,13336,18812.47,20.345723741,924.64
Campaign A,Organic,12/18/2023,APAC,Eva,110.014429825,533,0.855534709,456,0.503452158,0.051537420,10342,50166.58,186.951553999,268.34
Campaign B,Organic,7/18/2023,APAC,Bob,110.014436860,1022,0.286692759,293,0.507984344,0.025029389,40832,32234.23,62.089201788,519.16
Campaign A,LinkedIn,11/4/2023,APAC,Diana,110.014413793,2720,0.053308824,145,0.454643382,0.322045939,8446,15952.09,12.899646620,1236.63
Campaign E,Organic,5/8/2023,North America,Diana,110.014431818,356,0.247191011,88,4.207191011,0.009037368,39392,9681.27,6.463832657,1497.76
Campaign A,Organic,2/8/2023,Europe,Diana,110.014408602,506,0.367588933,186,3.946363636,0.059803806,8461,20462.68,10.247428463,1996.86
Campaign B,Organic,12/4/2023,APAC,Frank,110.014430380,2257,0.175011077,395,0.829827204,0.063422036,35587,43455.7,23.202112210,1872.92
Campaign D,Organic,12/26/2023,North America,Frank,110.014457831,380,0.218421053,83,3.475973684,0.032997569,11516,9131.2,6.913019449,1320.87
Campaign E,Facebook Ads,5/9/2023,APAC,Alice,110.014429224,2873,0.076226940,219,0.313390184,0.194792867,14749,24093.16,26.759176783,900.37
Campaign B,Facebook Ads,9/24/2023,LATAM,Diana,110.014444444,274,0.065693431,18,4.776423358,0.014799611,18514,1980.26,1.513104207,1308.74
Campaign E,LinkedIn,5/31/2023,Europe,Eva,110.014429224,2826,0.077494692,219,0.563602265,0.077581947,36426,24093.16,15.126863142,1592.74
Campaign C,Google Ads,10/25/2023,Europe,Bob,110.014422604,1529,0.266187050,407,0.212452583,0.041027155,37268,44775.87,137.839767270,324.84
Campaign A,Organic,4/9/2023,North America,Carlos,110.014393939,1132,0.116607774,132,0.776342756,0.043622351,25950,14521.9,16.524316697,878.82
Campaign C,Google Ads,9/20/2023,North America,Eva,110.014426752,693,0.453102453,314,2.446782107,0.019310076,35888,34544.53,20.372801689,1695.62
Campaign B,Google Ads,9/9/2023,Europe,Frank,110.014428274,665,0.723308271,481,1.247037594,0.017598179,37788,52916.94,63.810703261,829.28
Campaign D,LinkedIn,5/24/2023,APAC,Frank,110.014404762,244,1.032786885,252,4.862950820,0.021760457,11213,27723.63,23.364709749,1186.56
Campaign E,Organic,12/12/2023,APAC,Eva,110.014411765,538,0.758364312,408,2.261635688,0.014529938,37027,44885.88,36.889674217,1216.76
Campaign A,Organic,4/22/2023,LATAM,Frank,110.014545455,2254,0.014640639,33,0.199866903,0.077694668,29011,3630.48,8.058779134,450.5
Campaign E,Email,3/1/2023,APAC,Diana,110.014436620,2707,0.104913188,284,0.291189509,0.061734589,43849,31244.1,39.637297812,788.25
Campaign B,Google Ads,1/2/2023,North America,Alice,110.014415205,1299,0.263279446,342,0.566258661,0.036497991,35591,37624.93,51.150713052,735.57
Campaign E,Google Ads,10/31/2023,North America,Bob,110.014427245,2509,0.128736548,323,0.059693105,0.133046983,18858,35534.66,237.261534353,149.77
Campaign A,Facebook Ads,9/11/2023,APAC,Alice,110.014417476,1152,0.178819444,206,0.126701389,0.058697646,19626,22662.97,155.268361195,145.96
Campaign B,Email,5/20/2023,North America,Bob,110.014410959,1197,0.304928989,365,1.403692565,0.082740029,14467,40155.26,23.898810870,1680.22
Campaign E,Facebook Ads,2/6/2023,Europe,Bob,110.014426230,2568,0.023753894,61,0.240977414,0.063006036,40758,6710.88,10.844464554,618.83
Campaign D,Facebook Ads,6/9/2023,Europe,Alice,110.014419192,1291,0.306738962,396,0.839930287,0.312288341,4134,43565.71,40.176797160,1084.35
Campaign B,Facebook Ads,1/9/2023,APAC,Eva,110.014414414,565,0.392920354,222,1.181557522,0.031843544,17743,24423.2,36.584678990,667.58
Campaign B,LinkedIn,8/21/2023,Europe,Bob,110.014393939,1675,0.039402985,66,1.126740299,0.101922843,16434,7260.95,3.847288970,1887.29
Campaign D,LinkedIn,4/9/2023,Europe,Alice,110.014409938,1177,0.136788445,161,0.503534410,0.024131215,48775,17712.32,29.886140452,592.66
Campaign C,Facebook Ads,5/27/2023,LATAM,Bob,110.014417476,442,0.466063348,206,2.073190045,0.039348349,11233,22662.97,24.731783707,916.35
Campaign A,Email,10/31/2023,LATAM,Carlos,110.014285714,680,0.030882353,21,2.585573529,0.317608594,2141,2310.3,1.314021807,1758.19
Campaign C,Google Ads,7/27/2023,Europe,Eva,110.014417178,1897,0.171850290,326,0.895977860,0.099742363,19019,35864.7,21.100978425,1699.67
Campaign E,Email,5/11/2023,APAC,Diana,110.014,2705,0.003696858,10,0.167685767,0.126496446,21384,1100.14,2.425406204,453.59
Campaign D,Organic,6/1/2023,LATAM,Bob,110.014354839,1029,0.060252672,62,1.579222546,0.023438034,43903,6820.89,4.197419109,1625.02
Campaign C,LinkedIn,2/23/2023,North America,Carlos,110.014407295,483,0.681159420,329,2.009440994,0.010335088,46734,36194.74,37.292635180,970.56
Campaign B,Google Ads,4/30/2023,North America,Diana,110.014423077,2637,0.157755025,416,0.385908229,0.071022651,37129,45766,44.972681891,1017.64
Campaign E,Google Ads,6/10/2023,North America,Diana,110.014409938,327,0.984709480,322,1.081376147,0.013643760,23967,35424.64,100.179972286,353.61
Campaign E,Organic,4/26/2023,APAC,Bob,110.014393064,282,0.613475177,173,0.897659574,0.006778357,41603,19032.49,75.185628506,253.14
Campaign C,Organic,3/16/2023,Europe,Alice,110.014420131,1602,0.285268414,457,0.925767790,0.131613539,12172,50276.59,33.900120020,1483.08
Campaign C,Facebook Ads,4/23/2023,North America,Bob,110.014418605,1644,0.052311436,86,0.634598540,0.094537090,17390,9461.24,9.068744728,1043.28
Campaign D,LinkedIn,4/14/2023,APAC,Carlos,110.014414226,1163,0.411006019,478,0.799673259,0.272556831,4267,52586.89,56.543827014,930.02
Campaign A,LinkedIn,12/6/2023,LATAM,Diana,110.014427966,2459,0.191947946,472,0.604339162,0.060968958,40332,51926.81,34.942371490,1486.07
Campaign C,Email,9/11/2023,Europe,Bob,110.014428904,75,5.72,429,20.726266667,0.002760702,27167,47196.19,30.361595914,1554.47
Campaign C,Facebook Ads,8/15/2023,LATAM,Alice,110.014416476,1467,0.297886844,437,0.273980913,0.065749373,22312,48076.3,119.613614311,401.93
Campaign B,Facebook Ads,4/22/2023,APAC,Bob,110.014439462,2604,0.085637481,223,0.483652074,0.090291262,28840,24533.22,19.479621734,1259.43
Campaign E,Facebook Ads,4/9/2023,North America,Eva,110.014419890,2364,0.076565144,181,0.151087140,0.118259130,19990,19912.61,55.751070919,357.17
Campaign A,Facebook Ads,6/2/2023,North America,Alice,110.014423077,510,0.407843137,208,2.995313725,0.011288430,45179,22883,14.979608670,1527.61
Campaign B,LinkedIn,12/15/2023,APAC,Carlos,110.0144,2553,0.029377203,75,0.528088523,0.369678540,6906,8251.08,6.120025812,1348.21
Campaign D,LinkedIn,12/4/2023,North America,Diana,110.014424552,1141,0.342681858,391,1.680604733,0.022913487,49796,43015.64,22.432370135,1917.57
Campaign D,Facebook Ads,7/13/2023,Europe,Bob,110.014407407,1056,0.255681818,270,0.218768939,0.025520191,41379,29703.89,128.577136179,231.02
Campaign C,Email,11/6/2023,APAC,Alice,110.014411765,2960,0.034459459,102,0.070405405,0.161775154,18297,11221.47,53.845825336,208.4
Campaign C,Google Ads,6/12/2023,LATAM,Eva,110.014412607,2044,0.170743640,349,0.311232877,0.678844238,3011,38395.03,60.354360538,636.16
Campaign D,Google Ads,7/27/2023,APAC,Alice,110.014406780,540,0.546296296,295,1.106,0.011996268,45014,32454.25,54.340382426,597.24
Campaign C,Email,6/18/2023,Europe,Frank,110.014433962,1122,0.188948307,212,0.507361854,0.023592245,47558,23323.06,40.970839335,569.26
Campaign A,Facebook Ads,6/10/2023,Europe,Eva,110.015,2661,0.002254791,6,0.684659902,0.208902496,12738,660.09,0.362312556,1821.88
Campaign C,LinkedIn,3/9/2023,APAC,Carlos,110.014453125,265,0.483018868,128,2.166566038,0.008893513,29797,14081.85,24.526857561,574.14
Campaign E,Google Ads,10/16/2023,APAC,Diana,110.014436620,1773,0.160180485,284,0.347828539,0.036558209,48498,31244.1,50.663369548,616.7
Campaign C,Organic,10/4/2023,North America,Carlos,110.014358974,1642,0.047503045,78,0.939622412,0.135478548,12120,8581.12,5.561826737,1542.86
Campaign B,Organic,10/31/2023,Europe,Bob,110.014411765,2656,0.064006024,170,0.359378765,0.271936111,9767,18702.45,19.593770626,954.51
Campaign A,Email,5/15/2023,APAC,Alice,110.014230769,208,0.125,26,7.575721154,0.008720443,23852,2860.37,1.815243535,1575.75
Campaign B,Facebook Ads,7/14/2023,APAC,Frank,110.014430380,2586,0.061098221,158,0.086697602,0.175882473,14703,17382.28,77.530240856,224.2
Campaign B,Google Ads,5/8/2023,Europe,Eva,110.014431555,735,0.586394558,431,1.396448980,0.381026439,1929,47416.22,46.197079083,1026.39
Campaign E,Facebook Ads,2/2/2023,APAC,Eva,110.014424379,2891,0.153234175,443,0.056682809,0.223226006,12951,48736.39,297.408860682,163.87
Campaign A,Google Ads,6/25/2023,North America,Alice,110.014414716,1826,0.163745893,299,0.119956188,0.067532083,27039,32894.31,150.174899562,219.04
Campaign A,Email,1/22/2023,Europe,Frank,110.014439462,2102,0.106089439,223,0.866902950,0.042367928,49613,24533.22,13.463294974,1822.23
Campaign A,Email,8/26/2023,North America,Alice,110.014409938,1893,0.085050185,161,0.192588484,0.062057435,30504,17712.32,48.584140220,364.57
Campaign A,Organic,6/7/2023,North America,Bob,110.014428858,2458,0.203010578,499,0.452237592,0.133311639,18438,54897.2,49.385750270,1111.6
Campaign A,Facebook Ads,2/7/2023,North America,Carlos,110.014401709,2556,0.091549296,234,0.344710485,0.051620721,49515,25743.37,29.217971126,881.08
Campaign E,Organic,8/18/2023,North America,Eva,110.014583333,2345,0.010234542,24,0.324072495,0.347716489,6744,2640.35,3.474373314,759.95
Campaign C,Facebook Ads,12/31/2023,Europe,Bob,110.014425887,1639,0.292251373,479,1.104136669,0.084992740,19284,52696.91,29.119463110,1809.68
Campaign B,Organic,2/20/2023,North America,Carlos,110.014444444,1746,0.025773196,45,0.081019473,0.040214662,43417,4950.65,34.996818889,141.46
Campaign A,LinkedIn,9/21/2023,North America,Bob,110.014411765,2519,0.175466455,442,0.540373164,0.061818985,40748,48626.37,35.723163385,1361.2
Campaign C,LinkedIn,10/10/2023,APAC,Frank,110.014407895,1996,0.076152305,152,0.967159319,0.247366464,8069,16722.19,8.662327437,1930.45
Campaign C,LinkedIn,1/27/2023,Europe,Eva,110.014464286,2112,0.053030303,112,0.551287879,0.048709610,43359,12321.62,10.582674866,1164.32
Campaign B,LinkedIn,8/14/2023,Europe,Alice,110.014422604,2833,0.143663960,407,0.663593364,0.136208472,20799,44775.87,23.817458882,1879.96
Campaign E,Google Ads,10/4/2023,LATAM,Alice,110.014431818,1195,0.073640167,88,0.166769874,0.034931307,34210,9681.27,48.578804757,199.29
Campaign D,LinkedIn,10/13/2023,Europe,Carlos,110.014414784,2374,0.205139006,487,0.377299916,0.081229043,29226,53577.02,59.815141061,895.71
Campaign D,Email,4/7/2023,Europe,Diana,110.014420485,1631,0.227467811,371,0.364377682,0.288570418,5652,40815.35,68.678024567,594.3
Campaign C,Email,10/11/2023,LATAM,Frank,110.014417178,2550,0.127843137,326,0.583749020,0.100698969,25323,35864.7,24.093553501,1488.56
Campaign B,Google Ads,11/13/2023,Europe,Carlos,110.014425837,2695,0.155102041,418,0.728927644,0.062473921,43138,45986.03,23.408992802,1964.46
Campaign D,LinkedIn,10/31/2023,Europe,Diana,110.014408946,2543,0.123082973,313,0.230990956,0.295800861,8597,34434.51,58.620912140,587.41
Campaign C,LinkedIn,5/27/2023,Europe,Bob,110.014421769,2307,0.127438231,294,0.582110967,0.047969559,48093,32344.24,24.084829440,1342.93
Campaign E,LinkedIn,1/4/2023,Europe,Frank,110.014414634,2811,0.145855567,410,0.169473497,0.073536337,38226,45105.91,94.682738932,476.39
Campaign D,Organic,2/4/2023,LATAM,Bob,110.014434251,2399,0.136306794,327,0.489424760,0.316032143,7591,35974.72,30.639469224,1174.13
Campaign C,Facebook Ads,7/11/2023,Europe,Eva,110.014420290,1982,0.069626640,138,0.495191726,0.073864272,26833,15181.99,15.468623595,981.47
Campaign C,Organic,2/18/2023,Europe,Frank,110.014407583,1807,0.116768124,211,1.077371334,0.140885701,12826,23213.04,11.923628911,1946.81
Campaign A,Facebook Ads,1/17/2023,LATAM,Diana,110.014425087,2100,0.136666667,287,0.598190476,0.076594813,27417,31574.14,25.134644165,1256.2
Campaign E,LinkedIn,6/21/2023,APAC,Eva,110.014407407,1039,0.259865255,270,0.735380173,0.052759864,19693,29703.89,38.876384054,764.06
Campaign A,LinkedIn,8/8/2023,North America,Alice,110.014415584,1591,0.048397234,77,0.199107480,0.105099749,15138,8471.11,26.741303113,316.78
Campaign B,Organic,6/7/2023,APAC,Diana,110.014412371,1166,0.415951973,485,0.332221269,0.367939413,3169,53356.99,137.741668173,387.37
Campaign A,Organic,2/15/2023,LATAM,Carlos,110.014410112,2617,0.136033626,356,0.201795950,0.133820822,19556,39165.13,74.162336679,528.1
Campaign A,Facebook Ads,1/6/2023,North America,Alice,110.014423077,542,0.095940959,52,1.064280443,0.023512060,23052,5720.75,9.917394772,576.84
Campaign D,Email,4/9/2023,LATAM,Alice,110.014424242,669,0.493273543,330,2.565276532,0.091480924,7313,36304.76,21.154524319,1716.17
Campaign C,Facebook Ads,8/21/2023,LATAM,Carlos,110.014430380,2428,0.097611203,237,0.480362438,0.260654858,9315,26073.42,22.355288429,1166.32
Campaign E,Organic,2/6/2023,Europe,Frank,110.014429530,2430,0.183950617,447,0.450386831,0.268924303,9036,49176.45,44.932979423,1094.44
Campaign A,Organic,10/7/2023,North America,Alice,110.014423077,2147,0.048439683,104,0.148141593,0.065501251,32778,11441.5,35.972772433,318.06
Campaign E,Google Ads,12/15/2023,Europe,Diana,110.014444444,1596,0.039473684,63,1.086635338,0.055543955,28734,6930.91,3.996442307,1734.27
Campaign A,Organic,10/29/2023,North America,Eva,110.014427481,912,0.287280702,262,1.615515351,0.037728044,24173,28823.78,19.563430278,1473.35
Campaign B,Google Ads,6/30/2023,LATAM,Alice,110.014412470,1741,0.239517519,417,0.131286617,0.055440563,31403,45876.01,200.708798180,228.57
Campaign A,Email,4/5/2023,LATAM,Diana,110.014429825,1655,0.275528701,456,0.873045317,0.927170868,1785,50166.58,34.719999446,1444.89
Campaign D,Facebook Ads,4/9/2023,APAC,Bob,110.014492754,2369,0.029126214,69,0.478142676,0.331839193,7139,7591,6.701567907,1132.72
Campaign C,Facebook Ads,7/7/2023,North America,Diana,110.014367816,629,0.138314785,87,0.405850556,0.085648148,7344,9571.25,37.493144782,255.28
Campaign B,Google Ads,4/26/2023,Europe,Eva,110.014430380,1940,0.081443299,158,0.500396907,0.097979798,19800,17382.28,17.905662515,970.77
Campaign A,Facebook Ads,7/10/2023,APAC,Diana,110.014423480,1325,0.36,477,0.770505660,0.050242682,26372,52476.88,51.401559378,1020.92
Campaign E,Organic,9/10/2023,APAC,Carlos,110.014407407,2657,0.101618367,270,0.156179902,0.123363358,21538,29703.89,71.580813071,414.97
Campaign B,LinkedIn,6/10/2023,APAC,Eva,110.014408946,2793,0.112065879,313,0.679137129,0.174857572,15973,34434.51,18.153714355,1896.83
Campaign B,Google Ads,9/13/2023,Europe,Frank,110.014457831,1905,0.043569554,83,0.900236220,0.287807826,6619,9131.2,5.324470101,1714.95
Campaign A,Facebook Ads,11/19/2023,APAC,Bob,110.014420063,2543,0.125442391,319,0.539182068,0.071224513,35704,35094.6,25.595198156,1371.14
Campaign B,Google Ads,5/8/2023,Europe,Carlos,110.014415584,1405,0.109608541,154,0.696341637,0.037391883,37575,16942.22,17.316958993,978.36
Campaign E,Google Ads,1/18/2023,APAC,Frank,110.014419134,1212,0.362211221,439,0.728011551,0.029619492,40919,48296.33,54.736023120,882.35
Campaign B,LinkedIn,10/8/2023,Europe,Diana,110.014423077,406,0.128078818,52,3.292733990,0.009384896,43261,5720.75,4.279275910,1336.85
Campaign E,Organic,8/11/2023,LATAM,Eva,110.014425428,1674,0.244324970,409,0.678805257,0.036294257,46123,44995.9,39.597912560,1136.32
Campaign A,Google Ads,2/23/2023,LATAM,Bob,110.014412533,2371,0.161535217,383,0.092079291,0.082567210,28716,42135.52,192.998900696,218.32
Campaign C,Facebook Ads,2/27/2023,LATAM,Carlos,110.014404762,2056,0.122568093,252,0.522256809,0.485363551,4236,27723.63,25.819205409,1073.76
Campaign B,Email,11/19/2023,LATAM,Frank,110.014432624,2408,0.117109635,282,0.677811462,0.142924976,16848,31024.07,19.007866828,1632.17
Campaign C,Google Ads,12/26/2023,LATAM,Frank,110.014416667,919,0.391730141,360,1.058280740,0.274164678,3352,39605.19,40.722618656,972.56
Campaign E,Google Ads,6/23/2023,APAC,Bob,110.014411765,935,0.109090909,102,0.212534759,0.318894952,2932,11221.47,56.46875,198.72
Campaign B,LinkedIn,10/7/2023,APAC,Diana,110.014425837,2051,0.203803023,418,0.777147733,0.172164862,11913,45986.03,28.850721173,1593.93
Campaign D,Organic,4/24/2023,APAC,Bob,110.014482759,2251,0.012883163,29,0.214389160,0.235558811,9556,3190.42,6.611036283,482.59
Campaign C,Email,10/15/2023,Europe,Frank,110.014426559,1463,0.339712919,497,0.404224197,0.065605381,22300,54677.17,92.456914336,591.38
Campaign B,Facebook Ads,12/8/2023,Europe,Alice,110.014409722,1333,0.216054014,288,0.309782446,0.205140043,6498,31684.15,76.728217174,412.94
Campaign C,Email,5/31/2023,Europe,Carlos,110.014415011,669,0.677130045,453,1.087309417,0.057762045,11582,49836.53,68.512297054,727.41
Campaign B,Facebook Ads,5/7/2023,Europe,Bob,110.014423592,932,0.400214592,373,1.650032189,0.019566267,47633,41035.38,26.683950762,1537.83
Campaign A,Organic,6/4/2023,LATAM,Frank,110.014426230,846,0.360520095,305,1.284669031,0.080045416,10569,33554.4,30.873641692,1086.83
Campaign C,Facebook Ads,9/30/2023,LATAM,Diana,110.014444444,2222,0.032403240,72,0.220193519,0.379375107,5857,7921.04,16.189506816,489.27
Campaign D,LinkedIn,4/14/2023,LATAM,Frank,110.014545455,1346,0.008172363,11,1.313432392,1.004477612,1340,1210.16,0.684526099,1767.88
Campaign D,LinkedIn,10/26/2023,North America,Diana,110.014433657,668,0.462574850,309,2.651511976,0.014861287,44949,33994.46,19.192789110,1771.21
Campaign E,LinkedIn,9/3/2023,APAC,Bob,110.014397163,1884,0.074840764,141,0.931050955,0.106045255,17766,15512.03,8.843298558,1754.1
Campaign B,LinkedIn,6/25/2023,Europe,Diana,110.014404762,294,0.571428571,168,1.883367347,0.010835913,27132,18482.42,33.379241841,553.71
Campaign C,Email,2/8/2023,Europe,Eva,110.014367816,2945,0.029541596,87,0.325076401,0.310293963,9491,9571.25,9.997649762,957.35
Campaign E,Organic,6/19/2023,LATAM,Eva,110.014421594,2547,0.152728700,389,0.774040047,2.238137083,1138,42795.61,21.707351837,1971.48
Campaign C,Facebook Ads,9/4/2023,Europe,Eva,110.014436620,979,0.145045965,142,1.600429009,0.720913108,1358,15622.05,9.970545436,1566.82
Campaign B,Facebook Ads,1/26/2023,Europe,Alice,110.014410377,1320,0.321212121,424,0.114863636,0.123203285,10714,46646.11,307.651431210,151.62
Campaign D,LinkedIn,12/21/2023,APAC,Bob,110.014415584,569,0.135325132,77,0.393479789,0.027303263,20840,8471.11,37.836035553,223.89
Campaign A,LinkedIn,11/2/2023,LATAM,Frank,110.014439834,2459,0.098007320,241,0.399133794,0.069473089,35395,26513.48,27.014050353,981.47
Campaign D,Google Ads,1/13/2023,APAC,Frank,110.0144,57,0.877192982,50,32.061754386,0.001800720,31654,5500.72,3.009936964,1827.52
Campaign E,Organic,11/12/2023,North America,Alice,110.014454545,2575,0.042718447,110,0.436322330,0.095799695,26879,12101.59,10.771043052,1123.53
Campaign A,Email,11/9/2023,North America,Diana,110.014428571,2069,0.202996617,420,0.505480909,0.121734526,16996,46206.06,44.180811596,1045.84
Campaign E,Facebook Ads,2/5/2023,North America,Alice,110.014417808,544,0.536764706,292,0.552205882,0.014030744,38772,32124.21,106.938115846,300.4
Campaign B,Google Ads,6/22/2023,LATAM,Diana,110.014436090,1679,0.158427635,266,0.802787373,0.060478352,27762,29263.84,21.711012850,1347.88
Campaign A,Google Ads,1/20/2023,Europe,Diana,110.014444444,2930,0.061433447,180,0.567235495,0.205138976,14283,19802.6,11.914921781,1662
Campaign E,Facebook Ads,11/17/2023,LATAM,Carlos,110.014411765,1112,0.152877698,170,0.739928058,0.027511133,40420,18702.45,22.730250365,822.8
Campaign B,Email,9/21/2023,LATAM,Frank,110.014429530,2690,0.055390335,149,0.585003717,0.130874769,20554,16392.15,10.416576643,1573.66
Campaign D,Google Ads,5/22/2023,Europe,Eva,110.014431138,236,1.415254237,334,8.188601695,0.011122108,21219,36744.82,19.014038737,1932.51
Campaign B,Google Ads,5/23/2023,APAC,Diana,110.014411765,2851,0.131182041,374,0.170873378,0.079373034,35919,41145.39,84.459705230,487.16
Campaign C,Organic,4/2/2023,North America,Carlos,110.014425087,1927,0.148936170,287,0.567893098,0.184773228,10429,31574.14,28.852485082,1094.33
Campaign B,Email,12/20/2023,APAC,Frank,110.014482759,2190,0.026484018,58,0.294776256,0.045777592,47840,6380.84,9.884193568,645.56
Campaign B,Google Ads,11/18/2023,North America,Eva,110.014395604,135,1.348148148,182,11.899407407,0.002954371,45695,20022.62,12.464125198,1606.42
Campaign C,Email,10/15/2023,LATAM,Diana,110.014420804,186,2.274193548,423,6.437795699,0.004573058,40673,46536.1,38.863315601,1197.43
Campaign E,Facebook Ads,8/3/2023,North America,Diana,110.014435484,2518,0.098490866,248,0.518550437,0.124542487,20218,27283.58,20.895589373,1305.71
Campaign E,LinkedIn,12/8/2023,LATAM,Alice,110.014434783,2171,0.158912943,345,0.744375864,0.161388641,13452,37954.98,23.486411227,1616.04
Campaign B,Google Ads,2/20/2023,APAC,Alice,110.014427481,1686,0.077698695,131,0.505539739,0.033733493,49980,14411.89,16.908616280,852.34
Campaign C,Organic,6/2/2023,LATAM,Frank,110.014430993,2268,0.182098765,413,0.810701058,0.113678512,19951,45435.96,24.711318507,1838.67
Campaign C,Facebook Ads,7/5/2023,APAC,Eva,110.014423077,1801,0.230982787,416,0.617851194,0.780667534,2307,45766,41.128735116,1112.75
Campaign D,Email,3/4/2023,Europe,Diana,110.014420485,2267,0.163652404,371,0.176493163,0.143010346,15852,40815.35,102.010322161,400.11
Campaign E,Facebook Ads,7/9/2023,Europe,Frank,110.014436364,1837,0.149700599,275,0.774202504,0.070028972,26232,30253.97,21.272505467,1422.21
Campaign A,Google Ads,5/5/2023,Europe,Frank,110.014411765,921,0.147665581,136,1.745059718,0.025282750,36428,14961.96,9.309333001,1607.2
Campaign E,Email,5/30/2023,LATAM,Bob,110.014432990,2419,0.040099215,97,0.290140554,0.054764438,44171,10671.4,15.204673363,701.85
Campaign E,LinkedIn,11/10/2023,Europe,Alice,110.014412533,2553,0.150019585,383,0.677101449,0.092887029,27485,42135.52,24.374953721,1728.64
Campaign D,Facebook Ads,2/27/2023,North America,Eva,110.014415584,993,0.077542800,77,1.834511581,0.088360918,11238,8471.11,4.650189112,1821.67
Campaign A,Google Ads,12/8/2023,APAC,Diana,110.014409639,1676,0.247613365,415,0.373579952,0.041926204,39975,45655.98,72.918897336,626.12
Campaign D,Organic,11/1/2023,APAC,Frank,110.014420290,2887,0.143401455,414,0.681915483,1.349065421,2140,45545.97,23.135166024,1968.69
Campaign A,Email,6/29/2023,North America,Diana,110.014422604,2710,0.150184502,407,0.135553506,0.104868044,25842,44775.87,121.888852593,367.35
Campaign B,Facebook Ads,6/19/2023,LATAM,Bob,110.014404762,2986,0.084393838,252,0.162032820,0.108894643,27421,27723.63,57.300353430,483.83
Campaign A,Facebook Ads,11/22/2023,LATAM,Eva,110.014431818,398,0.884422111,352,1.130728643,0.146971935,2708,38725.08,86.049996667,450.03
Campaign D,LinkedIn,9/28/2023,APAC,Frank,110.014404332,1726,0.160486674,277,1.042050985,0.372786177,4630,30473.99,16.943360874,1798.58
Campaign E,LinkedIn,2/23/2023,Europe,Diana,110.014468085,1246,0.037720706,47,1.077977528,0.060500121,20595,5170.68,3.849638167,1343.16
Campaign A,Organic,4/11/2023,LATAM,Alice,110.014409449,59,6.457627119,381,6.593220339,0.005137135,11485,41915.49,107.751902314,389
Campaign A,Organic,9/21/2023,LATAM,Bob,110.014444444,2837,0.015861826,45,0.330140994,0.096799509,29308,4950.65,5.285711235,936.61
Campaign C,Google Ads,2/22/2023,North America,Eva,110.014425287,1511,0.115155526,174,0.839887492,0.032999192,45789,19142.51,15.083888202,1269.07
Campaign E,Google Ads,3/1/2023,North America,Bob,110.014429224,716,0.611731844,438,0.361145251,0.026434320,27086,48186.32,186.349756362,258.58
Campaign B,Organic,4/18/2023,Europe,Alice,110.014398148,2643,0.081725312,216,0.672186909,0.147992609,17859,23763.11,13.375686005,1776.59
Campaign D,Organic,1/5/2023,LATAM,Eva,110.014426559,1572,0.316157761,497,1.034891858,0.181022570,8684,54677.17,33.609226419,1626.85
Campaign B,Email,4/13/2023,LATAM,Bob,110.014418605,2226,0.077268643,172,0.476141060,0.083835493,26552,18922.48,17.853248922,1059.89
Campaign E,LinkedIn,7/15/2023,North America,Carlos,110.014418605,650,0.066153846,43,2.980830769,0.294517444,2207,4730.62,2.441559916,1937.54
Campaign A,Google Ads,9/19/2023,LATAM,Alice,110.014423592,2702,0.138045892,373,0.330773501,0.057368522,47099,41035.38,45.913711888,893.75
Campaign A,LinkedIn,12/31/2023,APAC,Alice,110.014417671,376,0.662234043,249,5.238856383,0.127027027,2960,27393.59,13.906716891,1969.81
Campaign E,LinkedIn,12/16/2023,North America,Alice,110.014451613,1029,0.150631681,155,1.330466472,0.660886320,1557,17052.24,12.455527556,1369.05
Campaign A,Organic,2/16/2023,Europe,Carlos,110.014434783,2501,0.045981607,115,0.522143143,0.081494998,30689,12651.66,9.688225564,1305.88
Campaign A,Email,12/21/2023,North America,Carlos,110.014421488,678,0.713864307,484,0.612551622,0.013655314,49651,53246.98,128.210204426,415.31
Campaign A,Facebook Ads,11/7/2023,LATAM,Diana,110.014431818,1679,0.262060750,440,1.057569982,0.112737528,14893,48406.35,27.261046597,1775.66
Campaign D,Email,11/4/2023,Europe,Frank,110.014509804,2815,0.018117229,51,0.324060391,0.084605674,33272,5610.74,6.150576061,912.23
Campaign D,Email,5/24/2023,North America,Bob,110.014477612,323,0.207430341,67,1.263900929,0.171625930,1882,7370.97,18.055482069,408.24
Campaign C,LinkedIn,9/26/2023,APAC,Diana,110.014410480,734,0.311989101,229,0.168869210,0.019050585,38529,25193.3,203.253731343,123.95
Campaign B,Email,5/4/2023,APAC,Bob,110.014432432,165,2.242424242,370,7.051757576,0.004162987,39635,40705.34,34.984048679,1163.54
Campaign E,Google Ads,4/16/2023,North America,Frank,110.014383562,910,0.080219780,73,1.211054945,0.029801867,30535,8031.05,7.287307406,1102.06
Campaign E,LinkedIn,6/7/2023,APAC,Carlos,110.014422442,2053,0.147588894,303,0.714452021,0.148027976,13869,33334.37,22.726378369,1466.77
Campaign E,Google Ads,5/27/2023,APAC,Frank,110.014426606,742,0.587601078,436,2.414407008,0.090864560,8166,47966.29,26.774522883,1791.49
Campaign C,Facebook Ads,5/25/2023,APAC,Carlos,110.014421769,1155,0.254545455,294,0.217203463,0.082606208,13982,32344.24,128.928289552,250.87
Campaign D,LinkedIn,4/30/2023,Europe,Frank,110.014433333,2421,0.123915737,300,0.615382074,0.058061731,41697,33004.33,22.152935886,1489.84
Campaign C,Facebook Ads,11/15/2023,APAC,Diana,110.014444444,2211,0.093622795,207,0.206277702,0.056525630,39115,22772.99,49.932007543,456.08
Campaign E,LinkedIn,10/2/2023,APAC,Eva,110.014461538,1842,0.035287731,65,0.939489685,0.222759705,8269,7150.94,4.132201509,1730.54
Campaign B,Organic,4/2/2023,APAC,Diana,110.014429224,203,2.157635468,438,8.158719212,0.006984586,29064,48186.32,29.094154158,1656.22
Campaign A,Email,2/27/2023,Europe,Bob,110.014417582,1950,0.233333333,455,0.578210256,0.134232808,14527,50056.56,44.395668331,1127.51
Campaign D,Organic,12/12/2023,North America,Diana,110.014409938,1477,0.218009479,322,0.981354096,0.427620151,3454,35424.64,24.439887958,1449.46
Campaign D,Facebook Ads,8/17/2023,LATAM,Alice,110.014433962,1339,0.237490665,318,0.520739358,0.061203035,21878,34984.59,50.173663000,697.27
Campaign C,Email,4/27/2023,APAC,Bob,110.014424242,364,0.453296703,165,2.734120879,0.026016725,13991,18152.38,18.239565121,995.22
Campaign D,LinkedIn,11/14/2023,North America,Frank,110.014417910,1114,0.300718133,335,1.491122083,0.292542017,3808,36854.83,22.186869021,1661.11
Campaign E,Email,10/6/2023,APAC,Bob,110.0145,154,0.129870130,20,6.315584416,0.003810938,40410,2200.29,2.262276373,972.6
Campaign E,Google Ads,5/7/2023,Europe,Eva,110.014415205,1974,0.173252280,342,0.395045593,0.052509776,37593,37624.93,48.248223949,779.82
Campaign C,Email,5/9/2023,North America,Carlos,110.014387755,1963,0.049923586,98,0.529291900,0.052621703,37304,10781.41,10.376717998,1039
Campaign E,Google Ads,2/27/2023,Europe,Frank,110.014415584,1266,0.243285940,308,1.322014218,0.040336456,31386,33884.44,20.245592022,1673.67
Campaign B,Email,5/2/2023,APAC,Bob,110.014436620,1474,0.096336499,142,0.499932157,0.030034436,49077,15622.05,21.199687882,736.9
Campaign C,Google Ads,1/1/2023,APAC,Frank,110.014415205,2451,0.139534884,342,0.175499796,0.510412328,4802,37624.93,87.469324654,430.15
Campaign B,Facebook Ads,8/27/2023,Europe,Frank,110.014523810,1822,0.023051592,42,0.797381998,0.061237522,29753,4620.61,3.180420283,1452.83
Campaign A,Organic,10/17/2023,LATAM,Frank,110.014427481,2010,0.065174129,131,0.830527363,0.091020242,22083,14411.89,8.633182777,1669.36
Campaign B,LinkedIn,4/6/2023,Europe,Carlos,110.014408602,2830,0.098586572,279,0.102901060,0.146223003,19354,30694.02,105.401668899,291.21
Campaign A,Email,5/6/2023,APAC,Diana,110.014404762,1653,0.101633394,168,0.336212946,0.071280724,23190,18482.42,33.256117749,555.76
Campaign A,Organic,4/28/2023,Europe,Frank,110.014429530,758,0.589709763,447,0.487796834,0.106132736,7142,49176.45,132.999188641,369.75
Campaign B,LinkedIn,2/17/2023,LATAM,Alice,110.014427245,700,0.461428571,323,1.087271429,0.023811144,29398,35534.66,46.689169481,761.09
Campaign C,LinkedIn,3/30/2023,Europe,Eva,110.014444444,2921,0.027730229,81,0.327172201,0.068148943,42862,8911.17,9.324526249,955.67
Campaign E,Google Ads,8/25/2023,LATAM,Carlos,110.014438202,996,0.178714859,178,1.528885542,0.029180827,34132,19582.57,12.859834381,1522.77
Campaign E,Facebook Ads,9/29/2023,LATAM,Bob,110.014424552,710,0.550704225,391,1.883352113,0.034629079,20503,43015.64,32.168922658,1337.18
Campaign A,Facebook Ads,7/8/2023,Europe,Carlos,110.014415584,2196,0.210382514,462,0.582768670,0.044403106,49456,50826.66,39.715774833,1279.76
Campaign A,Organic,7/11/2023,Europe,Bob,110.014419890,2685,0.134823091,362,0.286595903,0.075355730,35631,39825.22,51.753999298,769.51
Campaign C,Facebook Ads,3/10/2023,North America,Carlos,110.014430769,2379,0.136612022,325,0.714060530,0.135950626,17499,35754.69,21.047646799,1698.75
Campaign D,Email,10/5/2023,APAC,Bob,110.014421053,2500,0.152,380,0.39818,0.061196514,40852,41805.48,41.996564368,995.45
Campaign B,Facebook Ads,12/15/2023,LATAM,Frank,110.014421053,1182,0.080372250,95,1.658460237,0.131100266,9016,10451.37,5.331515584,1960.3
Campaign A,Organic,9/4/2023,North America,Diana,110.014421488,749,0.323097463,242,1.742149533,0.221335697,3384,26623.49,20.403174263,1304.87
Campaign E,Facebook Ads,3/17/2023,Europe,Bob,110.014402985,2296,0.116724739,268,0.148040070,0.142857143,16072,29483.86,86.742747867,339.9
Campaign C,Email,6/3/2023,APAC,Bob,110.014426230,2088,0.087643678,183,0.663189655,0.055380208,37703,20132.64,14.538931496,1384.74
Campaign B,Google Ads,5/24/2023,North America,Alice,110.014417671,2424,0.205445545,498,0.296080858,0.051689946,46895,54787.18,76.337160373,717.7
Campaign C,Organic,3/27/2023,LATAM,Bob,110.014412955,2251,0.219458019,494,0.623731675,0.145394652,15482,54347.12,38.708223530,1404.02
Campaign B,Google Ads,7/4/2023,North America,Alice,110.014413146,601,0.354409318,213,0.386555740,0.014478439,41510,23433.07,100.865487259,232.32
Campaign B,Google Ads,10/12/2023,LATAM,Eva,110.014415584,454,0.169603524,77,0.952136564,0.009092184,49933,8471.11,19.596802924,432.27
Campaign A,Google Ads,8/8/2023,Europe,Frank,110.014416244,511,0.771037182,394,3.377495108,0.022386752,22826,43345.68,25.114827047,1725.9
Campaign C,LinkedIn,3/10/2023,APAC,Alice,110.014414414,2229,0.049798116,111,0.238510543,0.638681948,3490,12211.6,22.969678730,531.64
Campaign C,LinkedIn,2/16/2023,APAC,Diana,110.014412607,2888,0.120844875,349,0.585311634,0.061326765,47092,38395.03,22.713845408,1690.38
Campaign E,Google Ads,4/4/2023,APAC,Frank,110.014414716,923,0.323943662,299,0.683228602,0.034806546,26518,32894.31,52.161856586,630.62
Campaign E,Organic,8/26/2023,Europe,Alice,110.014423592,133,2.804511278,373,9.935939850,0.005310441,25045,41035.38,31.052592548,1321.48
Campaign A,Email,7/23/2023,LATAM,Frank,110.014419643,1472,0.304347826,448,0.963919837,0.052740953,27910,49286.46,34.735927380,1418.89
Campaign A,Email,8/6/2023,Europe,Frank,110.014409722,2851,0.101017187,288,0.376723957,0.111515294,25566,31684.15,29.499972068,1074.04
Campaign D,Facebook Ads,12/7/2023,APAC,Frank,110.014425770,2725,0.131009174,357,0.249574312,0.078069045,34905,39275.15,57.749930156,680.09
Campaign E,Organic,2/8/2023,Europe,Eva,110.014408602,270,0.688888889,186,1.866740741,0.009607515,28103,20462.68,40.598944486,504.02
Campaign B,LinkedIn,4/10/2023,Europe,Diana,110.014390244,2650,0.015471698,41,0.061532075,0.071259546,37188,4510.59,27.662148902,163.06
Campaign C,Google Ads,10/16/2023,Europe,Carlos,110.014397163,1441,0.097848716,141,0.470159611,0.210518627,6845,15512.03,22.895985240,677.5
Campaign A,Facebook Ads,9/11/2023,LATAM,Carlos,110.014415205,161,2.124223602,342,8.329254658,0.007264687,22162,37624.93,28.057158410,1341.01
Campaign C,Email,8/10/2023,North America,Alice,110.0145,664,0.090361446,60,2.835512048,0.017624887,37674,6600.87,3.505916783,1882.78
Campaign C,LinkedIn,12/23/2023,North America,Frank,110.014397906,1631,0.117106070,191,1.076204782,0.080198653,20337,21012.75,11.971098793,1755.29
Campaign D,LinkedIn,1/23/2023,Europe,Alice,110.014434783,524,0.658396947,345,2.968549618,0.022476730,23313,37954.98,24.400187719,1555.52
Campaign E,Google Ads,9/7/2023,North America,Eva,110.014427481,2933,0.089328333,262,0.544851688,0.104963676,27943,28823.78,18.036844905,1598.05
Campaign A,Email,1/10/2023,North America,Eva,110.014432071,1963,0.228731533,449,0.694584819,0.146350555,13413,49396.48,36.228505211,1363.47
Campaign C,Organic,9/3/2023,Europe,Bob,110.014354839,320,0.19375,62,1.85796875,0.250783699,1276,6820.89,11.472357245,594.55
Campaign A,LinkedIn,11/21/2023,Europe,Eva,110.014414169,2518,0.145750596,367,0.724253376,0.135296330,18611,40375.29,22.139581174,1823.67
Campaign B,Google Ads,4/10/2023,APAC,Bob,110.014409449,1970,0.064467005,127,0.697659898,0.049121057,40105,13971.83,10.165840846,1374.39
Campaign D,Organic,10/17/2023,North America,Diana,110.014427083,2804,0.068473609,192,0.415420827,0.216625464,12944,21122.77,18.133623502,1164.84
Campaign B,Email,6/29/2023,LATAM,Alice,110.014401709,1440,0.1625,234,0.215888889,0.085176860,16906,25743.37,82.808060988,310.88
Campaign A,LinkedIn,8/11/2023,Europe,Diana,110.014418605,89,1.932584270,172,10.667528090,0.004132615,21536,18922.48,19.930778062,949.41
Campaign A,Organic,9/7/2023,APAC,Eva,110.014410377,2032,0.208661417,424,0.479665354,0.070531066,28810,46646.11,47.857871301,974.68
Campaign E,Organic,5/27/2023,LATAM,Diana,110.014406780,2286,0.051618548,118,0.762322835,0.171802194,13306,12981.7,7.449316279,1742.67
Campaign C,Organic,4/6/2023,North America,Diana,110.014414062,1043,0.245445829,256,1.091687440,0.090671999,11503,28163.69,24.734716282,1138.63
Campaign C,LinkedIn,9/14/2023,APAC,Diana,110.014414414,2062,0.053831232,111,0.399010669,0.101953028,20225,12211.6,14.842238320,822.76
Campaign B,LinkedIn,11/21/2023,Europe,Eva,110.014390244,2633,0.015571591,41,0.742848462,0.069333263,37976,4510.59,2.306121927,1955.92
Campaign D,Facebook Ads,1/4/2023,LATAM,Frank,110.014424779,339,1,339,0.915545723,0.026926132,12590,37294.89,120.162676805,310.37
Campaign C,Email,1/16/2023,Europe,Diana,110.014375,2530,0.037944664,96,0.356853755,0.212855460,11886,10561.38,11.697953126,902.84
Campaign E,Google Ads,10/7/2023,North America,Bob,110.014545455,2568,0.008566978,22,0.070035047,0.185201212,13866,2420.32,13.457436753,179.85
Campaign B,Organic,12/2/2023,LATAM,Eva,110.014413408,2725,0.131376147,358,0.552594495,1.305076628,2088,39385.16,26.155290805,1505.82
